<?xml version="1.0" encoding="UTF-8"?><collection xmlns="http://www.loc.gov/MARC21/slim"><record><leader>00416nam--2200109-i-4500</leader><controlfield tag="001">000048060</controlfield><controlfield tag="002">20161230</controlfield><controlfield tag="005">20161230201046</controlfield><controlfield tag="008">060222s1000------------r-----000-0-eng-d</controlfield><datafield ind1=" " ind2=" " tag="245"><subfield code="a">Zirconium and yirconium alloys. a symposium on zirconium and zirconium alloys presented to members of tthe asm during theeight western metal congress and exposition</subfield></datafield><datafield ind1=" " ind2=" " tag="260"><subfield code="a">Cleveland, American Soc. For Metals, 1953, 354p</subfield></datafield><datafield ind1=" " ind2=" " tag="852"><subfield code="a">16542</subfield></datafield></record></collection>